<?xml version="1.0" encoding="UTF-8"?><collection xmlns="http://www.loc.gov/MARC21/slim"><record><leader>00523nam--2200193-u-4500</leader><controlfield tag="001">000054092</controlfield><controlfield tag="002">20161230</controlfield><controlfield tag="005">20161230201051</controlfield><controlfield tag="008">110802s1000------------r-----000-0-rum-d</controlfield><datafield ind1=" " ind2=" " tag="040"><subfield code="a">IFIN-HH</subfield></datafield><datafield ind1=" " ind2=" " tag="041"><subfield code="a">rum</subfield></datafield><datafield ind1=" " ind2=" " tag="080"><subfield code="a">537.311.33:547</subfield></datafield><datafield ind1="1" ind2=" " tag="100"><subfield code="a">Rusu, Gheorghe Ioan</subfield></datafield><datafield ind1="1" ind2="0" tag="245"><subfield code="a">Semiconductori organici</subfield><subfield code="c">Gheorghe ioan rusu</subfield></datafield><datafield ind1=" " ind2=" " tag="260"><subfield code="a">Bucuresti</subfield><subfield code="b">Editura Tehnica</subfield><subfield code="c">1982</subfield></datafield><datafield ind1=" " ind2=" " tag="300"><subfield code="a">160P</subfield></datafield><datafield ind1=" " ind2=" " tag="490"><subfield code="a">Stiinta Si Tehnica Pentru Toti Seria Tehnica</subfield></datafield><datafield ind1=" " ind2=" " tag="852"><subfield code="a">77473</subfield><subfield code="c">537.311.33</subfield></datafield><datafield ind1=" " ind2=" " tag="CAT"><subfield code="a">Sys</subfield><subfield code="c">20110802</subfield><subfield code="h">125341</subfield></datafield></record></collection>